@article{Fulanito1999,
    author = {},
    title = {Parallel Sorting Algorithms},
    journal = {KLA and Traditional},
    year = {2016},
    volume = {},
    number = {},
    pages = {http://www.cpp.edu/~gsyoung/CS370/14Sp/Parallel%20Sorting%20Algorithms%20Matthew.pdf
}
}

Tomey, M. Á. (13 de Octubre de 2016).Algoritmos de Ordenación Paralelos

@book{Bonaparte75,
    author = {Bonaparte, Napoleón and Tañeda, Lucas},
    isbn = {00000000},
    title = {{Gente como tú y como yo}},
    year = {1975},
   	publisher = {ChespirINC},
	address = {Enrique Segoviano}
}

@article{Tomey,
    author = {Miguel Ángel Tomey},
    title = {Algoritmos de Ordenación Paralelos},
    journal = {},
    year = {2016},
    volume = {},
    number = {},
    pages = {1-26}
}
